<record><leader>00000cas a22000007a 4500</leader><controlfield tag="001">16632269</controlfield><controlfield tag="008">870902d18901904ohucr ne      0    0eng d</controlfield><datafield ind1=" " ind2=" " tag="010"><subfield code="a">sn 87076641 </subfield></datafield><datafield ind1=" " ind2=" " tag="040"><subfield code="a">ONP</subfield><subfield code="b">eng</subfield><subfield code="c">ONP</subfield><subfield code="d">OCLCQ</subfield></datafield><datafield ind1=" " ind2=" " tag="042"><subfield code="a">msc</subfield></datafield><datafield ind1="0" ind2="4" tag="245"><subfield code="a">The Findlay weekly union.</subfield></datafield><datafield ind1="3" ind2="0" tag="246"><subfield code="a">Findlay union</subfield></datafield><datafield ind1=" " ind2=" " tag="260"><subfield code="a">Findlay, Ohio :</subfield><subfield code="b">Brown &amp; Horn,</subfield><subfield code="c">1890-1904.</subfield></datafield><datafield ind1=" " ind2=" " tag="300"><subfield code="a">v.</subfield></datafield><datafield ind1=" " ind2=" " tag="310"><subfield code="a">Semiweekly,</subfield><subfield code="b">Aug. 1, 1903-Apr. 15, 1904</subfield></datafield><datafield ind1=" " ind2=" " tag="321"><subfield code="a">Weekly,</subfield><subfield code="b">Nov. 29, 1890-July 30, 1903</subfield></datafield><datafield ind1="0" ind2=" " tag="362"><subfield code="a">Vol. 1, no. 1 (Nov. 29, 1890)-(Apr. 15, 1904).</subfield></datafield><datafield ind1=" " ind2=" " tag="752"><subfield code="a">United States</subfield><subfield code="b">Ohio</subfield><subfield code="c">Hancock</subfield><subfield code="d">Findlay.</subfield></datafield><datafield ind1="0" ind2="7" tag="785"><subfield code="t">Hancock courier (Findlay, Ohio : 1851)</subfield><subfield code="w">(DLC)sn 85038253</subfield></datafield><datafield ind1="0" ind2="7" tag="785"><subfield code="t">Courier-union</subfield><subfield code="w">(DLC)sn 89075055</subfield></datafield></record>